<record><leader>00000cas a2200000 a 4500</leader><controlfield tag="001">18616405</controlfield><controlfield tag="008">881017d19291931waudn ne      0    0eng d</controlfield><datafield ind1=" " ind2=" " tag="010"><subfield code="a">sn 88087059 </subfield></datafield><datafield ind1=" " ind2=" " tag="040"><subfield code="a">SLZ</subfield><subfield code="b">eng</subfield><subfield code="c">SLZ</subfield><subfield code="d">NSD</subfield><subfield code="d">OCL</subfield><subfield code="d">OCLCQ</subfield><subfield code="d">OCLCF</subfield><subfield code="d">OCLCO</subfield></datafield><datafield ind1=" " ind2=" " tag="042"><subfield code="a">msc</subfield></datafield><datafield ind1=" " ind2=" " tag="043"><subfield code="a">n-us-wa</subfield></datafield><datafield ind1="0" ind2="0" tag="245"><subfield code="a">Spokane daily times.</subfield></datafield><datafield ind1=" " ind2=" " tag="260"><subfield code="a">Spokane, Wash. :</subfield><subfield code="b">Review Pub. Co.</subfield></datafield><datafield ind1=" " ind2=" " tag="300"><subfield code="a">v.</subfield></datafield><datafield ind1=" " ind2=" " tag="310"><subfield code="a">Daily (except Sunday)</subfield></datafield><datafield ind1="1" ind2=" " tag="362"><subfield code="a">Began in 1929.</subfield></datafield><datafield ind1="0" ind2=" " tag="362"><subfield code="a">-v. 48, no. 198 (Mar. 31, 1931).</subfield></datafield><datafield ind1=" " ind2=" " tag="580"><subfield code="a">Daily ed. of and later absorbed by: Spokesman-review (Spokane, Wash. : 1896).</subfield></datafield><datafield ind1=" " ind2=" " tag="588"><subfield code="a">Description based on: Sept. 29, 1929 issue.</subfield></datafield><datafield ind1=" " ind2="0" tag="651"><subfield code="a">Spokane (Wash.)</subfield><subfield code="v">Newspapers.</subfield></datafield><datafield ind1=" " ind2="7" tag="655"><subfield code="a">Newspapers.</subfield><subfield code="2">fast</subfield><subfield code="0">(OCoLC)fst01423814</subfield></datafield><datafield ind1=" " ind2="7" tag="651"><subfield code="a">Washington (State)</subfield><subfield code="z">Spokane.</subfield><subfield code="2">fast</subfield><subfield code="0">(OCoLC)fst01206731</subfield></datafield><datafield ind1=" " ind2=" " tag="752"><subfield code="a">United States</subfield><subfield code="b">Washington</subfield><subfield code="c">Spokane</subfield><subfield code="d">Spokane.</subfield></datafield><datafield ind1="0" ind2="0" tag="780"><subfield code="t">Spokesman-review (Spokane, Wash. : 1896)</subfield><subfield code="w">(DLC)sn 84024753</subfield></datafield><datafield ind1="1" ind2="4" tag="785"><subfield code="t">Spokesman-review (Spokane, Wash. : 1894)</subfield><subfield code="x">1064-7317</subfield><subfield code="w">(DLC)sn 84024754</subfield></datafield></record>